@inproceedings{yu2015schematizing,
  title={Schematizing trust in named data networking},
  author={Yu, Yingdi and Afanasyev, Alexander and Clark, David and Jacobson, Van and Zhang, Lixia and others},
  booktitle={Proceedings of the 2nd International Conference on Information-Centric Networking},
  pages={177--186},
  year={2015},
  organization={ACM}
}

@article{berners2014rfc,
  title={{RFC 3986, Uniform Resource Identifier (URI): Generic Syntax, 2005}},
  author={Berners-Lee, Tim and Fielding, Roy and Masinter, Larry},
  journal={URL: http://www. faqs. org/rfcs/rfc3986. html},
  year={2014}
}

@article{overell2008augmented,
  title={Augmented BNF for syntax specifications: ABNF},
  author={Overell, Paul and Crocker, Dave},
  year={2008}
}

@techreport{messages,
	number =	{draft-irtf-icnrg-ccnxmessages-04},
	type =		{Internet-Draft},
	institution =	{Internet Engineering Task Force},
	publisher =	{Internet Engineering Task Force},
	note =		{Work in Progress},
	url =		{https://datatracker.ietf.org/doc/html/draft-irtf-icnrg-ccnxmessages-04},
	author =	{Ignacio Solis and marc.mosko@parc.com and Christopher A. Wood},
	title =		{{CCNx Messages in TLV Format}},
	pagetotal =	40,
	year =		2017,
	month =		mar,
	day =		13,
	abstract =	{This document specifies version &quot;1&quot; of CCNx message TLV packet format, including the TLV types used by each message element and the encoding of each value. The semantics of CCNx messages follow the CCNx Semantics specification.},
}
